
@book{cascales2012,
	author = {Orihuela, Jos{\'e} and Cascales, Bernardo and Raja, Mat{\'\i}as and Mira, Jos{\'e} Manuel},
	date = {2012},
	date-modified = {2021-10-06 11:37:26 +0200},
	isbn = {978-84-940688-2-9},
	location = {Murcia},
	note = {{OCLC}: 864356789},
	publisher = {Electolibris},
	title = {An{\'a}lisis funcional},
	year = {2012}}
